<record><leader>00000cas a22000007a 4500</leader><controlfield tag="001">11892354</controlfield><controlfield tag="008">850408d19601961njuwr ne      0    0eng d</controlfield><datafield ind1=" " ind2=" " tag="010"><subfield code="a">sn 85035581 </subfield></datafield><datafield ind1=" " ind2=" " tag="040"><subfield code="a">NPA</subfield><subfield code="b">eng</subfield><subfield code="c">NPA</subfield><subfield code="d">OCLCQ</subfield></datafield><datafield ind1=" " ind2=" " tag="042"><subfield code="a">msc</subfield></datafield><datafield ind1="0" ind2=" " tag="130"><subfield code="a">Citizen of Morris County (Parsippany, N.J. : 1960)</subfield></datafield><datafield ind1="1" ind2="4" tag="245"><subfield code="a">The citizen of Morris County.</subfield></datafield><datafield ind1=" " ind2=" " tag="250"><subfield code="a">Parsippany-Troy Hills, Mountain Lakes ed.</subfield></datafield><datafield ind1=" " ind2=" " tag="260"><subfield code="a">Parsippany, N.J. :</subfield><subfield code="b">Citizen of Morris County, Inc.,</subfield><subfield code="c">1960-1961.</subfield></datafield><datafield ind1=" " ind2=" " tag="300"><subfield code="a">v. :</subfield><subfield code="b">ill.</subfield></datafield><datafield ind1=" " ind2=" " tag="310"><subfield code="a">Weekly</subfield></datafield><datafield ind1="0" ind2=" " tag="362"><subfield code="a">Vol. 15, no. 15 (Apr. 14, 1960)-v. 16, no. 18 (May 4, 1961).</subfield></datafield><datafield ind1=" " ind2=" " tag="525"><subfield code="a">Has occasional supplements and special editions.</subfield></datafield><datafield ind1=" " ind2=" " tag="530"><subfield code="a">Available on microfilm from Microfilming Corporation of America.</subfield></datafield><datafield ind1=" " ind2=" " tag="580"><subfield code="a">Split into: Mountain Lakes citizen; Montville citizen; Parsippany-Troy Hills citizen; and: Citizen of Morris County (Denville, N.J.).</subfield></datafield><datafield ind1=" " ind2=" " tag="752"><subfield code="a">United States</subfield><subfield code="b">New Jersey</subfield><subfield code="c">Morris</subfield><subfield code="d">Parsippany.</subfield></datafield><datafield ind1=" " ind2=" " tag="752"><subfield code="a">United States</subfield><subfield code="b">New Jersey</subfield><subfield code="c">Morris</subfield><subfield code="d">Troy Hills.</subfield></datafield><datafield ind1=" " ind2=" " tag="752"><subfield code="a">United States</subfield><subfield code="b">New Jersey</subfield><subfield code="c">Morris</subfield><subfield code="d">Mountain Lakes.</subfield></datafield><datafield ind1="0" ind2="0" tag="780"><subfield code="t">Citizen (Parsippany, N.J.)</subfield><subfield code="w">(DLC)sn 85035513</subfield></datafield><datafield ind1="1" ind2="6" tag="785"><subfield code="t">Parsippany-Troy Hills citizen</subfield><subfield code="w">(DLC)sn 85035516</subfield></datafield><datafield ind1="1" ind2="6" tag="785"><subfield code="t">Montville citizen</subfield><subfield code="w">(DLC)sn 85035515</subfield></datafield><datafield ind1="1" ind2="6" tag="785"><subfield code="t">Mountain Lakes citizen</subfield><subfield code="w">(DLC)sn 85035514</subfield></datafield><datafield ind1="1" ind2="6" tag="785"><subfield code="t">Citizen of Morris County (Denville, N.J.)</subfield><subfield code="b">Boonton ed.</subfield><subfield code="w">(DLC)sn 85035517</subfield></datafield></record>